@book{motulsky2004fitting,
  title={Fitting models to biological data using linear and nonlinear regression: a practical guide to curve fitting},
  author={Motulsky, Harvey and Christopoulos, Arthur},
  year={2004},
  publisher={Oxford University Press}
}

@inproceedings{akaike1973information,
  title={Information theory and an extention of the maximum likelihood principle},
  author={Akaike, Hirotugu},
  booktitle={2nd International Symposium on Information Theory, 1973},
  pages={267--281},
  year={1973},
  organization={Akademiai Kiado}
}

@article{johnson2004model,
  title={Model selection in ecology and evolution},
  author={Johnson, Jerald B and Omland, Kristian S},
  journal={Trends in ecology \& evolution},
  volume={19},
  number={2},
  pages={101--108},
  year={2004},
  publisher={Elsevier}
}

@misc{mhasoba_multilingual_2022,
	title = {The {Multilingual} {Quantitative} {Biologist}},
	copyright = {MIT},
	url = {https://github.com/mhasoba/TheMulQuaBio},
	abstract = {The interactive, online Multilingual Quantitative Biologist},
	urldate = {2022-11-29},
	author = {mhasoba},
	month = nov,
	year = {2021},
	note = {original-date: 2017-10-13T06:15:34Z},
}

@article{levins1966strategy,
  title={The strategy of model building in population biology},
  author={Levins, Richard},
  journal={American scientist},
  volume={54},
  number={4},
  pages={421--431},
  year={1966},
  publisher={JSTOR}
}

@article{stefan2012mathematical,
  title={Mathematical ecology: why mechanistic models?},
  author={Stefan, A and Geritz, H and Kisdi, {\'E}va},
  journal={Journal of mathematical biology},
  volume={65},
  number={6-7},
  pages={1411},
  year={2012},
  publisher={Springer Nature BV}
}

@article{heitzer1991utility,
  title={Utility of phenomenological models for describing temperature dependence of bacterial growth},
  author={Heitzer, ARMIN and Kohler, HP and Reichert, Peter and Hamer, Geoffrey},
  journal={Applied and Environmental Microbiology},
  volume={57},
  number={9},
  pages={2656--2665},
  year={1991},
  publisher={Am Soc Microbiol}
}

@article{longhi2017microbial,
  title={Microbial growth models: A general mathematical approach to obtain $\mu$ max and $\lambda$ parameters from sigmoidal empirical primary models},
  author={Longhi, Daniel Angelo and Dalcanton, Francieli and Arag{\~a}o, Gl{\'a}ucia Maria Falc{\~a}o de and Carciofi, Bruno Augusto Mattar and Laurindo, Jo{\~a}o Borges},
  journal={Brazilian Journal of Chemical Engineering},
  volume={34},
  pages={369--375},
  year={2017},
  publisher={SciELO Brasil}
}

@article{zwietering1990modeling,
  title={Modeling of the bacterial growth curve},
  author={Zwietering, MH and Jongenburger, Il and Rombouts, FM and Van't Riet, KJAEM},
  journal={Applied and environmental microbiology},
  volume={56},
  number={6},
  pages={1875--1881},
  year={1990},
  publisher={Am Soc Microbiol}
}

@article{kingsland1982refractory,
  title={The refractory model: the logistic curve and the history of population ecology},
  author={Kingsland, Sharon},
  journal={The Quarterly Review of Biology},
  volume={57},
  number={1},
  pages={29--52},
  year={1982},
  publisher={Stony Brook Foundation, Inc.}
}

@article{peleg2011microbial,
  title={Microbial growth curves: what the models tell us and what they cannot},
  author={Peleg, Micha and Corradini, Maria G},
  journal={Critical reviews in food science and nutrition},
  volume={51},
  number={10},
  pages={917--945},
  year={2011},
  publisher={Taylor \& Francis}
}

@article{mazerolle2006improving,
  title={Improving data analysis in herpetology: using Akaike's Information Criterion (AIC) to assess the strength of biological hypotheses},
  author={Mazerolle, Marc},
  journal={Amphibia-Reptilia},
  volume={27},
  number={2},
  pages={169--180},
  year={2006},
  publisher={Brill}
}

@article{white2019should,
  title={Should we care if models are phenomenological or mechanistic?},
  author={White, Craig R and Marshall, Dustin J},
  journal={Trends in ecology \& evolution},
  volume={34},
  number={4},
  pages={276--278},
  year={2019},
  publisher={Elsevier}
}
