@article{verhulst1838notice,
  title={Notice on the law that the population follows in its growth},
  author={Verhulst, PF},
  journal={Corresp Math Phys},
  volume={10},
  pages={113--26},
  year={1838}
}