@article{houghton2005global,
  title={Global warming},
  author={Houghton, John},
  journal={Reports on progress in physics},
  volume={68},
  number={6},
  pages={1343},
  year={2005},
  publisher={IOP Publishing}
}
